
@article{lauretto2013evaluation,
	title={Evaluation of a Supervised Learning Approach for Stock Market Operations},
	author={Lauretto, Marcelo S and Silva, B{\'a}rbara BC and Andrade, Pablo M},
	journal={arXiv preprint arXiv:1301.4944},
	year={2013}
}

@inproceedings{naeini2010stock,
	title={Stock market value prediction using neural networks},
	author={Naeini, Mahdi Pakdaman and Taremian, Hamidreza and Hashemi, Homa Baradaran},
	booktitle={Computer Information Systems and Industrial Management Applications (CISIM), 2010 International Conference on},
	pages={132--136},
	year={2010},
	organization={IEEE}
}

@misc{apache_spark, 
	title={Apache Spark™ - Lightning-Fast Cluster Computing}, url={http://spark.apache.org/},
	urldate={2016-6-24}, 
	journal={Apache Spark™ - Lightning-Fast Cluster Computing}
}

@misc{apache_spark_mllib, 
	title={Machine Learning Library (MLlib) Guide}, 
	urldate={2016-6-24},
	url={http://spark.apache.org/docs/latest/mllib-guide.html}, 
	journal={Apache Spark™ - Lightning-Fast Cluster Computing}
}

@misc{spark_documentation, 
	title={Linear Methods - spark.mllib},
	url={http://spark.apache.org/docs/latest/mllib--methods.html#linear-least-squares-lasso-and-ridge-regression}, 
	journal={- Spark 1.6.1 Documentation}
}

@article{nayak2014impact,
	title={Impact of data normalization on stock index forecasting},
	author={Nayak, SC and Misra, BB and Behera, HS},
	journal={Int. J. Comp. Inf. Syst. Ind. Manag. Appl},
	volume={6},
	pages={357--369},
	year={2014}
}

@book{1_shadbolttaylor_2002,
	author={Shadbolt, JimmyTaylor, J. G},
	title={Neural networks and the financial markets},
	place={London},
	publisher={Springer},
	year={2002}
}

@book{1_wong_1997,
	author={Michael Chak-sham Wong
	},
	title={Technical analysis and market inefficiency A study of the Hong Kong stock market.},
	year={1997},
	publisher={Thesis (Ph.D.)--The Chinese University of Hong Kong (People's Republic of China), 1997.},
	pages={7--8}
}

@article{de1990noise,
	title={Noise trader risk in financial markets},
	author={De Long, J Bradford and Shleifer, Andrei and Summers, Lawrence H and Waldmann, Robert J},
	journal={Journal of political Economy},
	pages={703--738},
	year={1990},
	publisher={JSTOR}
}

@book{1_edwardsmagee_1997,
	author={Edwards, Robert DMagee, John},
	title={Technical analysis of stock trends},
	place={Chicago},
	publisher={J. Magee},
	year={1997}
}

@misc{1_history_hkex_markets_2016,
	url={https://www.hkex.com.hk/eng/exchange/corpinfo/history/history.htm},
	urldate={2016-6-23},
	journal={Hkex.com.hk},
	year={2016},
	title={History of HKEX and its markets}
}

@misc{freedom_ranking_2016,
	url={http://www.heritage.org/index/ranking},
	urldate={2016-6-23},
	journal={heritage.org},
	year={2016},
	title={Country Ranking}
}

@misc{hsi_company_profile,
	url={http://www.hsi.com.hk/HSI-Net/HSI-Net},
	urldate={2016-6-23},
	journal={hsi.com.hk},
	year={2016},
	title={HSI Company Profile}
}

@misc{heng_seng_index,
	url={http://www.hsi.com.hk/HSI-Net/static/revamp/contents/en/dl_centre/factsheets/FS_HSIe.pdf},
	urldate={2016-6-23},
	title={Heng Seng Index}
}

@misc{hkex_fact_book_2015,
	url={https://www.hkex.com.hk/eng/stat/statrpt/factbook/factbook2015/Documents/FB_2015.pdf},
	urldate={2016-6-23},
	year={2016},
	month={3},
	organization={HKEX},
	title={HKEX Fact Book - 2015}
}

@misc{3_xin_2014,
	author={Xin, Reynold}, 
	title={Apache Spark the fastest open source engine for sorting a petabyte},
	url={https://databricks.com/blog/2014/10/10/spark-petabyte-sort.html},
	urldate={2016-6-24},
	journal={Databricks},
	year={2014}
}

@inproceedings{zaharia2012resilient,
	title={Resilient distributed datasets: A fault-tolerant abstraction for in-memory cluster computing},
	author={Zaharia, Matei and Chowdhury, Mosharaf and Das, Tathagata and Dave, Ankur and Ma, Justin and McCauley, Murphy and Franklin, Michael J and Shenker, Scott and Stoica, Ion},
	booktitle={Proceedings of the 9th USENIX conference on Networked Systems Design and Implementation},
	pages={2},
	year={2012},
	organization={USENIX Association}
}

@book{4_kantardzic,
	title={Data mining: concepts, models, methods, and algorithms},
	author={Kantardzic, Mehmed},
	year={2011},
	publisher={John Wiley \& Sons}
}

@article{shlens2014tutorial,
	title={A tutorial on principal component analysis},
	author={Shlens, Jonathon},
	journal={arXiv preprint arXiv:1404.1100},
	year={2014}
}

@book{russell2003artificial,
	title={Artificial intelligence: a modern approach},
	author={Russell, Stuart Jonathan and Norvig, Peter and Canny, John F and Malik, Jitendra M and Edwards, Douglas D},
	volume={2},
	year={2003},
	publisher={Prentice hall Upper Saddle River},
	pages={650,736--748}
}

@misc{7_mllib_linear_methods,
	title={linear methods - spark.mllib},
	url={http://spark.apache.org/docs/latest/mllib-linear-methods.html},
	urldate={2016-6-25},
	journal={Spark.apache.org},
	year={2016}
}

@book{heaton2008introduction,
	title={Introduction to neural networks with Java},
	author={Heaton, Jeff},
	year={2008},
	publisher={Heaton Research, Inc.}
}

@book{poon2005practical,
	title={A practical guide to forecasting financial market volatility},
	author={Poon, Ser-Huang},
	year={2005},
	publisher={John Wiley \& Sons},
	pages={23--24}
}

@book{kahn2006technical,
	title={Technical analysis plain and simple: charting the markets in your language},
	author={Kahn, Michael},
	year={2006},
	publisher={FT Press},
	pages={31,58--60,279--282}
}

@misc{9_sma_ema,
	title={moving averages - simple and exponential},
	url={http://stockcharts.com/school/doku.php?id=chart_school:technical_indicators:moving_averages},
	urldate={2016-6-27},
	journal={Stockcharts.com},
	year={2016}
}

@book{dubitzky2008data,
	title={Data mining techniques in grid computing environments},
	author={Dubitzky, Werner},
	year={2008},
	publisher={Wiley Online Library},
	pages={1--15}
}

@article{O'Luanaigh:1997391,
	author={Cian O'Luanaigh},
	title={Computing},
	month={8},
	year={2012},
	url={http://cds.cern.ch/record/1997391},
	urldate={2016-7-8}
}

@article{meng2016mllib,
	title={Mllib: Machine learning in apache spark},
	author={Meng, Xiangrui and Bradley, Joseph and Yuvaz, B and Sparks, Evan and Venkataraman, Shivaram and Liu, Davies and Freeman, Jeremy and Tsai, D and Amde, Manish and Owen, Sean and others},
	journal={JMLR},
	volume={17},
	number={34},
	pages={1--7},
	year={2016}
}

@book{sammer2012hadoop,
	title={Hadoop operations},
	author={Sammer, Eric},
	year={2012},
	publisher={O'Reilly Media, Inc.},
	page={25--37}
}


@misc{1_li_jiang_zhang_boesch_xiao_2015,
	author={Li, Jacky and Jiang, Fan and Zhang, Youhua and Boesch, Stephen and Xiao, Bing},
	title={New MLlib Algorithms in Apache Spark 1.3: FP-Growth and Power Iteration Clustering},
	url={https://databricks.com/blog/2015/04/17/new-mllib-algorithms-in-spark-1-3-fp-growth-and-power-iteration-clustering.html},
	urldate={2016-7-9},
	year={2015}
}

@misc{2_ruder_2016,
	author={Ruder, Sebastian},
	title={An overview of gradient descent optimization algorithms},
	url={http://sebastianruder.com/optimizing-gradient-descent/index.html},
	urldate={2016-7-10},
	journal={Sebastian Ruder's blog},
	year={2016}
}

@article{leshik2011introduction,
	title={An Introduction to Algorithmic Trading},
	author={Leshik, Edward A and Cralle, Jane},
	journal={Padstow: John Wiley and Sons},
	year={2011},
	publisher={Wiley Online Library}
}

@article{lam2004neural,
	title={Neural network techniques for financial performance prediction: integrating fundamental and technical analysis},
	author={Lam, Monica},
	journal={Decision support systems},
	volume={37},
	number={4},
	pages={567--581},
	year={2004},
	publisher={Elsevier}
}

@techreport{su2015efficiency,
	title={The efficiency of Asian stock markets: Fresh evidence based on new tests},
	author={Su, Jen-Je and Roca, Eduardo and Wong, Victor SH and others},
	year={2015},
	institution={Griffith University, Department of Accounting, Finance and Economics}
}

@article{shi2015clash,
	title={Clash of the titans: MapReduce vs. Spark for large scale data analytics},
	author={Shi, Juwei and Qiu, Yunjie and Minhas, Umar Farooq and Jiao, Limei and Wang, Chen and Reinwald, Berthold and {\"O}zcan, Fatma},
	journal={Proceedings of the VLDB Endowment},
	volume={8},
	number={13},
	pages={2110--2121},
	year={2015},
	publisher={VLDB Endowment}
}

@article{chen2010principal,
	title={A principal-component approach to measuring investor sentiment},
	author={Chen, Haiqiang and Chong, Terence Tai-Leung and Duan, Xin},
	journal={Quantitative Finance},
	volume={10},
	number={4},
	pages={339--347},
	year={2010},
	publisher={Taylor \& Francis}
}