
@inproceedings{kimoto1990stock,
	title={Stock market prediction system with modular neural networks},
	author={Kimoto, Tatsuya and Asakawa, Kazuo and Yoda, Morio and Takeoka, Masahiro},
	booktitle={Neural Networks, 1990., 1990 IJCNN International Joint Conference on},
	pages={1--6},
	year={1990},
	organization={IEEE}
}

@article{alexanderstock,
	title={Stock Market Analysis and Prediction},
	author={Alexander, Eric and Kawaler, Emily and Szafir, Dan}
}

@article{lauretto2013evaluation,
	title={Evaluation of a Supervised Learning Approach for Stock Market Operations},
	author={Lauretto, Marcelo S and Silva, B{\'a}rbara BC and Andrade, Pablo M},
	journal={arXiv preprint arXiv:1301.4944},
	year={2013}
}

@article{nunnostock,
	title={Stock Market Price Prediction Using Linear and Polynomial Regression Models},
	author={Nunno, Lucas}
}

@inproceedings{naeini2010stock,
	title={Stock market value prediction using neural networks},
	author={Naeini, Mahdi Pakdaman and Taremian, Hamidreza and Hashemi, Homa Baradaran},
	booktitle={Computer Information Systems and Industrial Management Applications (CISIM), 2010 International Conference on},
	pages={132--136},
	year={2010},
	organization={IEEE}
}

@article{chen1986economic,
	title={Economic forces and the stock market},
	author={Chen, Nai-Fu and Roll, Richard and Ross, Stephen A},
	journal={Journal of business},
	pages={383--403},
	year={1986},
	publisher={JSTOR}
}

@article{kercheval2015modelling,
	title={Modelling high-frequency limit order book dynamics with support vector machines},
	author={Kercheval, Alec N and Zhang, Yuan},
	journal={Quantitative Finance},
	volume={15},
	number={8},
	pages={1315--1329},
	year={2015},
	publisher={Taylor \& Francis}
}

@article{basu1977investment,
	title={Investment performance of common stocks in relation to their price-earnings ratios: A test of the efficient market hypothesis},
	author={Basu, Sanjoy},
	journal={The journal of Finance},
	volume={32},
	number={3},
	pages={663--682},
	year={1977},
	publisher={Wiley Online Library}
}

@incollection{bottou2010large,
	title={Large-scale machine learning with stochastic gradient descent},
	author={Bottou, L{\'e}on},
	booktitle={Proceedings of COMPSTAT'2010},
	pages={177--186},
	year={2010},
	publisher={Springer}
}