@article{kissell2006algorithmic,
	title={Algorithmic trading strategies},
	author={Kissell, Robert L},
	year={2006}
}
 
 @article{Mastering_Financial_Calculations,
 	Author = {Irons, R. R. },
 	Date-Added = {2016-02-23 11:42:42 +0000},
 	Date-Modified = {2016-02-23 11:42:42 +0000},
 	Id = {TN{\_}gale{\_}ofa179089665},
 	Isbn = {0009-4978},
 	Keywords = {Steiner, Bob},
 	Number = {8},
 	Pages = {1383},
 	Title = {Mastering Financial Calculations: A Step-by-Step Guide to the Mathematics of Financial Market Instruments.(Brief article)(Book review)},
 	Ty = {JOUR},
 	Volume = {45},
 	Year = {2008}}
 
 @article{nuti2011algorithmic,
 	title={Algorithmic trading},
 	author={Nuti, Giuseppe and Mirghaemi, Mahnoosh and Treleaven, Philip and Yingsaeree, Chaiyakorn},
 	journal={Computer},
 	volume={44},
 	number={11},
 	pages={61--69},
 	year={2011},
 	publisher={IEEE}
 }
 
  @book{lee2006encyclopedia,
  	title={Encyclopedia of finance},
  	author={Lee, Cheng F and Lee, Alice C},
  	year={2006},
  	publisher={Springer}
  }
  
   @Book{murphy1999technical,
   	author = {Murphy, John},
   	title = {Technical analysis of the financial markets : a comprehensive guide to trading methods and applications},
   	publisher = {New York Institute of Finance},
   	year = {1999},
   	address = {New York},
   	isbn = {0735200661}
   }

   @Book{coulouris2012distributed,
   	author = {Coulouris, George},
   	title = {Distributed systems : concepts and design},
   	publisher = {Addison-Wesley},
   	year = {2012},
   	address = {Boston},
   	isbn = {0132143011}
   }
   
   @Book{mahajan2013distributed,
   	author = {Mahajan, Sunita},
   	title = {Distributed computing},
   	publisher = {Oxford University Press},
   	year = {2013},
   	address = {New Delhi},
   	isbn = {0-19-809348-9}
   }
    
    @book{karau2015learning,
    	title={Learning Spark: Lightning-Fast Big Data Analysis},
    	author={Karau, Holden and Konwinski, Andy and Wendell, Patrick and Zaharia, Matei},
    	year={2015},
    	publisher={" O'Reilly Media, Inc."}
    }
   